@book{seber2012linear,
  title={Linear regression analysis},
  author={Seber, George AF, Lee, Alan J},
  volume={936},
  year={2012},
  publisher={Wiley}
}

@article{montgomery2006introduccion,
  title={Introducci\'on al an\'alisis de regresi{\'o}n lineal},
  author={Montgomery, Douglas C and Peck, Elizabeth A and Vining, G Geoffrey},
  journal={Editorial Continental, Tercera edici{\'o}n, M{\'e}xico},
  year={2006}
}
